@INPROCEEDINGS{Kohlbrecher2011,
  author = {S. Kohlbrecher and J. Meyer and O. von Stryk and U. Klingauf},
  title = {A Flexible and Scalable SLAM System with Full 3D Motion Estimation},
  year = {2011},
  month = {November},
  booktitle = {Proc. IEEE International Symposium on Safety, Security and Rescue Robotics (SSRR)},
  organization = {IEEE},
}

@INPROCEEDINGS{Konolige2010,
  author={Konolige, Kurt and Grisetti, Giorgio and Kümmerle, Rainer and Burgard, Wolfram and Limketkai, Benson and Vincent, Regis},
  booktitle={2010 IEEE/RSJ International Conference on Intelligent Robots and Systems}, 
  title={Efficient Sparse Pose Adjustment for 2D mapping}, 
  year={2010},
  volume={},
  number={},
  pages={22-29},
  keywords={Sparse matrices;Simultaneous localization and mapping;Optimization;Linear systems;Robustness},
  doi={10.1109/IROS.2010.5649043}
}

@ARTICLE{Fox1997,
  author={Fox, D. and Burgard, W. and Thrun, S.},
  journal={IEEE Robotics & Automation Magazine}, 
  title={The dynamic window approach to collision avoidance}, 
  year={1997},
  volume={4},
  number={1},
  pages={23-33},
  keywords={Collision avoidance;Mobile robots;Robot sensing systems;Orbital robotics;Robotics and automation;Motion control;Humans;Robot control;Motion planning;Acceleration},
  doi={10.1109/100.580977}
}

@ARTICLE{Grisetti2007,
  author={Grisetti, Giorgio and Stachniss, Cyrill and Burgard, Wolfram},
  journal={IEEE Transactions on Robotics}, 
  title={Improved Techniques for Grid Mapping With Rao-Blackwellized Particle Filters}, 
  year={2007},
  volume={23},
  number={1},
  pages={34-46},
  keywords={Particle filters;Simultaneous localization and mapping;Proposals;Computer science;Distributed computing;Orbital robotics;Contracts;Robot sensing systems;Uncertainty;Mobile robots;Adaptive resampling;improved proposal;motion model;Rao-Blackwellized particle filter (RBPF);simultaneous localization and mapping (SLAM)},
  doi={10.1109/TRO.2006.889486}
}

@INPROCEEDINGS{Grisetti2005,
  author={Grisetti, G. and Stachniss, C. and Burgard, W.},
  booktitle={Proceedings of the 2005 IEEE International Conference on Robotics and Automation}, 
  title={Improving Grid-based SLAM with Rao-Blackwellized Particle Filters by Adaptive Proposals and Selective Resampling}, 
  year={2005},
  volume={},
  number={},
  pages={2432-2437},
  keywords={Simultaneous localization and mapping;Particle filters;Proposals;Mobile robots;Distributed computing;Large-scale systems;Orbital robotics;Adaptive filters;Computer science;Uncertainty},
  doi={10.1109/ROBOT.2005.1570477}
}

@INPROCEEDINGS{Abiyev2017,
  author={Abiyev, Rahib H. and Arslan, Murat and Gunsel, Irfan and Cagman, Ahmet},
  booktitle={2017 3rd IEEE International Conference on Cybernetics (CYBCONF)}, 
  title={Robot Pathfinding Using Vision Based Obstacle Detection}, 
  year={2017},
  volume={},
  number={},
  pages={1-6},
  keywords={Support vector machines;Heuristic algorithms;Robot kinematics;Image color analysis;Classification algorithms;Algorithm design and analysis},
  doi={10.1109/CYBConf.2017.7985805}
}

@ARTICLE{Cherubini2014,
  author={Cherubini, Andrea and Spindler, Fabien and Chaumette, François},
  journal={IEEE Transactions on Intelligent Transportation Systems}, 
  title={Autonomous Visual Navigation and Laser-Based Moving Obstacle Avoidance}, 
  year={2014},
  volume={15},
  number={5},
  pages={2101-2110},
  keywords={Robots;Collision avoidance;Navigation;Visualization;Vehicles;Cameras;Trajectory;Collision avoidance;visual navigation;visual servoing;Collision avoidance;visual navigation;visual servoing},
  doi={10.1109/TITS.2014.2308977}
}

@article{Yarovoi2024,
  title={Review of simultaneous localization and mapping (SLAM) for construction robotics applications},
  author={Yarovoi, Andrew and Cho, Yong Kwon},
  journal={Automation in Construction},
  volume={162},
  pages={105344},
  year={2024},
  publisher={Elsevier}
}

@inproceedings{Turnage2016,
  title={Simulation results for localization and mapping algorithms},
  author={Turnage, Doris M},
  booktitle={2016 Winter Simulation Conference (WSC)},
  pages={3040--3051},
  year={2016},
  organization={IEEE}
}

@inproceedings{Thale2020,
  title={ROS based SLAM implementation for Autonomous navigation using Turtlebot},
  author={Thale, Sumegh Pramod and Prabhu, Mihir Mangesh and Thakur, Pranjali Vinod and Kadam, Pratik},
  booktitle={ITM Web of conferences},
  volume={32},
  pages={01011},
  year={2020},
  organization={EDP Sciences}
}

@article{Lai2022,
  title={Enhanced DWA algorithm for local path planning of mobile robot},
  author={Lai, Xin and Wu, Dan and Wu, Di and Li, Jia He and Yu, Hang},
  journal={Industrial Robot: the international journal of robotics research and application},
  volume={50},
  number={1},
  pages={186--194},
  year={2022},
  publisher={Emerald Publishing Limited}
}


@article{Sang2024,
  author = {Sang, Wenpeng and Yue, Yaoshun and Zhai, Kaiwei and Lin, Maohai},
  title = {Research on AGV Path Planning Integrating an Improved A* Algorithm and DWA Algorithm},
  journal = {Applied Sciences},
  volume = {14},
  year = {2024},
  number = {17},
  article-number = {7551},
  url = {https://www.mdpi.com/2076-3417/14/17/7551},
  issn = {2076-3417},
  doi = {10.3390/app14177551}
}

@article{Macenski2021, 
  doi = {10.21105/joss.02783}, 
  url = {https://doi.org/10.21105/joss.02783}, 
  year = {2021}, 
  publisher = {The Open Journal}, 
  volume = {6}, 
  number = {61}, 
  pages = {2783}, 
  author = {Steve Macenski and Ivona Jambrecic}, 
  title = {SLAM Toolbox: SLAM for the dynamic world}, 
  journal = {Journal of Open Source Software} 
}